<?xml version='1.0' encoding='UTF-8'?>
<record xmlns="http://www.loc.gov/MARC21/slim">
  <leader>01064cam a2200253 a 4500</leader>
  <controlfield tag="001">1069172</controlfield>
  <controlfield tag="003">NjP</controlfield>
  <controlfield tag="005">20170905110527.0</controlfield>
  <controlfield tag="008">960711m19799999ir            00010 ara d</controlfield>
  <datafield tag="024" ind1="7" ind2=" ">
    <subfield code="a">princeton_aco001622</subfield>
    <subfield code="2">local</subfield>
  </datafield>
  <datafield ind1=" " ind2=" " tag="035">
    <subfield code="a">(OCoLC)35114193</subfield>
  </datafield>
  <datafield ind1=" " ind2=" " tag="035">
    <subfield code="a">(CStRLIN)NJPG96-B38736</subfield>
  </datafield>
  <datafield ind1=" " ind2=" " tag="035">
    <subfield code="9">CCE8392TS</subfield>
  </datafield>
  <datafield ind1=" " ind2=" " tag="035">
    <subfield code="a">1069172</subfield>
  </datafield>
  <datafield ind1=" " ind2=" " tag="040">
    <subfield code="a">NjP</subfield>
    <subfield code="c">NjP</subfield>
  </datafield>
  <datafield ind1="1" ind2=" " tag="100">
    <subfield code="a">Shīrāzī, ʻAbd Allāh.</subfield>
  </datafield>
  <datafield ind1="1" ind2="0" tag="245">
    <subfield code="a">ʻUmdat al-wasāʾil fī sharḥ al-Rasāʾil /</subfield>
    <subfield code="c">taʾlīf ʻAbd-- al-Mūsawī al-Shīrāzī.</subfield>
  </datafield>
  <datafield ind1=" " ind2=" " tag="250">
    <subfield code="a">al-Ṭabʻah 3.</subfield>
  </datafield>
  <datafield ind1=" " ind2=" " tag="260">
    <subfield code="a">[Iran :</subfield>
    <subfield code="b">s.n.],</subfield>
    <subfield code="c">1400- [1979 or 1980- ]</subfield>
    <subfield code="e">(Īrān :</subfield>
    <subfield code="f">Maṭbaʻat Saʻīd)</subfield>
  </datafield>
  <datafield ind1=" " ind2=" " tag="300">
    <subfield code="a">v. ;</subfield>
    <subfield code="c">24 cm.</subfield>
  </datafield>
  <datafield ind1="1" ind2="0" tag="600">
    <subfield code="a">Anṣārī, Murtaḍá ibn Muḥammad Amīn,</subfield>
    <subfield code="d">1799 or 1800-1864.</subfield>
    <subfield code="t">Rasāʾil.</subfield>
    <subfield code="0">http://id.loc.gov/authorities/names/n91115298</subfield>
  </datafield>
  <datafield ind1=" " ind2="0" tag="650">
    <subfield code="a">Islamic law</subfield>
    <subfield code="x">Interpretation and construction.</subfield>
    <subfield code="0">http://id.loc.gov/authorities/subjects/sh85068455</subfield>
  </datafield>
  <datafield ind1=" " ind2=" " tag="998">
    <subfield code="a">07/11/96</subfield>
    <subfield code="s">9114</subfield>
    <subfield code="n">NjP</subfield>
    <subfield code="d">07/11/96</subfield>
    <subfield code="c">KC</subfield>
    <subfield code="b">KC</subfield>
    <subfield code="i">960711</subfield>
    <subfield code="l">NJPG</subfield>
  </datafield>
  <datafield ind1=" " ind2=" " tag="911">
    <subfield code="a">19960718</subfield>
  </datafield>
  <datafield ind1=" " ind2=" " tag="912">
    <subfield code="a">19960711000000.0</subfield>
  </datafield>
  <datafield ind1="0" ind2="1" tag="852">
    <subfield code="0">1231004</subfield>
    <subfield code="b">nec</subfield>
    <subfield code="t">1</subfield>
    <subfield code="h">KBP370.A57</subfield>
    <subfield code="i">S557 1979</subfield>
  </datafield>
  <datafield ind1=" " ind2="0" tag="866">
    <subfield code="0">1231004</subfield>
    <subfield code="8">0</subfield>
    <subfield code="a">al-Juzʾ 1</subfield>
  </datafield>
  <datafield ind1=" " ind2="0" tag="866">
    <subfield code="0">1231004</subfield>
    <subfield code="8">0</subfield>
    <subfield code="x">DESIGNATOR: al-Juzʾ</subfield>
  </datafield>
  <datafield ind1=" " ind2=" " tag="959">
    <subfield code="a">2000-06-13 00:00:00 -0500</subfield>
  </datafield>
</record>
